@book{Appel:1997:MCI:248430,
 author = {Appel, Andrew W.},
 title = {Modern Compiler Implementation in ML: Basic Techniques},
 year = {1997},
 isbn = {0-521-58775-1},
 publisher = {Cambridge University Press},
 address = {New York, NY, USA},
}

@book{torc,
    author={Torczon, Linda and Keith Cooper},
    title={Engineering A Compiler},
    publisher={Morgan Kaufmann},
    year=2007
}

@book{spj1,
   author={Peyton Jones, Simon L and David R Lester},
   title={Implementing Functional Languages: a tutorial},
   publisher={self-published},
   year=2000
}

@book{spj2,
    author={Peyton Jones, Simon L},
    title={The Implementation of Functional Programming Languages},
    publisher={Prentice Hall},
    address={Hemel Hempstead},
    year=1987
}

@book{rwh,
    author={O'Sullivan Bryan, John Goerzen and Don Stewart},
    title={Real World Haskell},
    publisher={O'Reilly},
    year=2009
}

@book{plp,
    author={Scott, Michael L},
    title={Programming Language Pragmatics, Fouth Edition},
    publisher={Morgan Kaufmann},
    address={Waltham, MA},
    year=2016
}

@misc{frob,
    author={Peterson, John, Paul Hudak and Conal Elliot},
    title={Lambda in Motion: Controlling Robots With Haskell}
}

@inproceedings{adams2012layout,
  author = {Adams, Michael D.},
  title = {Principled Parsing for Indentation-Sensitive Languages: Revisiting {L}andin's Offside Rule},
  booktitle = {Proceedings of the 40th annual ACM SIGPLAN-SIGACT symposium on Principles of programming languages},
  pages = {511--522},
  year = {2013},
  series = {POPL~'13},
  address = {New York, NY, USA},
  publisher = {ACM},
  isbn = {978-1-4503-1832-7},
  doi = {10.1145/2429069.2429129},
}

@misc{groote,
    author = {Philippe de Groote},
    title = {A Simple Calculus of Exception Handling}
}

@book{Pierce:2002:TPL:509043,
 author = {Pierce, Benjamin C.},
 title = {Types and Programming Languages},
 year = {2002},
 isbn = {0262162091, 9780262162098},
 edition = {1st},
 publisher = {The MIT Press},
} 

@inproceedings{Afshari:2012:LPP:2384592.2384595,
 author = {Afshari, Mehrdad and Barr, Earl T. and Su, Zhendong},
 title = {Liberating the Programmer with Prorogued Programming},
 booktitle = {Proceedings of the ACM International Symposium on New Ideas, New Paradigms, and Reflections on Programming and Software},
 series = {Onward! 2012},
 year = {2012},
 isbn = {978-1-4503-1562-3},
 location = {Tucson, Arizona, USA},
 pages = {11--26},
 numpages = {16},
 url = {http://doi.acm.org/10.1145/2384592.2384595},
 doi = {10.1145/2384592.2384595},
 acmid = {2384595},
 publisher = {ACM},
 address = {New York, NY, USA},
 keywords = {executable refinement, human computation, hybrid computation, managing concerns, prorogued programming, workflow improvement},
} 
